@Book{2016_Moukalled_BOOK,
  author    = {Moukalled, Fadl and Mangani, Luca and Darwish, Marwan and Moukalled, F and Mangani, L and Darwish, M},
  title     = {The finite volume method},
  publisher = {Springer},
  url       = {http://www.gidropraktikum.narod.ru/Moukalled-et-al-FVM-OpenFOAM-Matlab.pdf},
  year      = {2016},
}

@Article{2019_Hahn,
  author    = {Hahn, Jooyoung and Mikula, Karol and Frolkovi{\v{c}}, Peter and Medlâ€™a, Matej and Basara, Branislav},
  title     = {Iterative inflow-implicit outflow-explicit finite volume scheme for level-set equations on polyhedron meshes},
  number    = {6},
  pages     = {1639--1654},
  url       = {https://www.math.sk/mikula/hmfmb_cma_2018.pdf},
  volume    = {77},
  file      = {:/home/gibolya/Downloads/iterative_iioe.pdf:PDF},
  journal   = {Computers \& Mathematics with Applications},
  publisher = {Elsevier},
  year      = {2019},
}

@Book{2007_Hirsch_BOOK,
  author    = {Hirsch, Charles},
  date      = {2007},
  title     = {Numerical computation of internal and external flows: The fundamentals of computational fluid dynamics},
  publisher = {Elsevier},
  url       = {https://cfd.spbstu.ru/agarbaruk/doc/Hirsch C. Numerical Computation of Internal and External Flows.Volume1-Fundamentals of Computational Fluid Dynamics(Elsevier,2nd edn,2007).pdf},
}

@Book{1990_Hirsch_BOOK,
  author    = {Hirsch, Charles},
  date      = {1990},
  title     = {Numerical computation of internal and external flows, vol. 2: Computational methods for inviscid and viscous flows},
  publisher = {J. Wiley \& sons},
  url       = {https://soaneemrana.org/onewebmedia/NUMERICAL COMPUTATION OF INTERNAL & EXTERNAL FLOWS BY C. HIRSEH (VOL.-2).pdf},
}

@Article{2014_Mikula,
  author       = {Mikula, Karol and Ohlberger, Mario and Urb{\'a}n, Jozef},
  date         = {2014},
  journaltitle = {Applied Numerical Mathematics},
  title        = {Inflow-implicit/outflow-explicit finite volume methods for solving advection equations},
  issn         = {0168-9274},
  language     = {English},
  pages        = {16--37},
  url          = {https://www.math.sk/mikula/mou_apnum.pdf},
  volume       = {85},
  keywords     = {65M08},
  zbl          = {1310.65103},
  zbmath       = {6323318},
}

@Article{1985_Yee,
  author       = {Yee, HC and Warming, RF and Harten, A},
  date         = {1985},
  journaltitle = {Journal of Computational Physics},
  title        = {Implicit total variation diminishing (TVD) schemes for steady-state calculations},
  number       = {3},
  pages        = {327--360},
  url          = {https://ntrs.nasa.gov/api/citations/19830014814/downloads/19830014814.pdf},
  volume       = {57},
  publisher    = {Elsevier},
}

@Book{2009_Toro_BOOK,
  author    = {Toro, Eleuterio F},
  title     = {Riemann Solvers and Numerical Methods for Fluid Dynamics: A Practical Introduction},
  publisher = {Springer Science \& Business Media},
  url       = {https://www.academia.edu/8844903/Riemann_Solvers_and_Numerical_Methods_for_Fluid_Dynamics_Third_Edition},
  file      = {:/home/gibolya/Downloads/Toro-Riemann_Solvers_and_Numerical_Methods_fo.pdf:PDF},
  year      = {2009},
}

@Article{2000_Hoffmann,
  author  = {Hoffmann, Klaus A and Chiang, Steve T},
  title   = {Computational fluid dynamics Volume I},
  url     = {https://sharif.ir/~moosavi/Hoffmann_v1.pdf},
  journal = {Engineering education system},
  year    = {2000},
}

@Book{1998_Laney_BOOK,
  author    = {Laney, Culbert B},
  title     = {Computational gasdynamics},
  publisher = {Cambridge university press},
  url       = {https://aerocastle.files.wordpress.com/2012/10/laney.pdf},
  year      = {1998},
}

@Article{2016_Roenby,
  author    = {Roenby, Johan and Bredmose, Henrik and Jasak, Hrvoje},
  title     = {A computational method for sharp interface advection},
  number    = {11},
  pages     = {160405},
  url       = {https://royalsocietypublishing.org/doi/10.1098/rsos.160405},
  volume    = {3},
  journal   = {Royal Society open science},
  publisher = {The Royal Society},
  year      = {2016},
}

@Article{1996_Jasak,
  author    = {Jasak, Hrvoje},
  title     = {Error analysis and estimation for the finite volume method with applications to fluid flows.},
  file      = {:/home/gibolya/Downloads/Jasak-thesis.pdf:PDF},
  publisher = {Imperial College London (University of London)},
  year      = {1996},
}

@Article{2021_Frolkovic,
  author  = {Frolkovi{\v{c}}, Peter and Mikula, Karol and Hahn, Jooyoung and Martin, Dirk and Basara, Branislav},
  title   = {Flux balanced approximation with least-squares gradient for diffusion equation on polyhedral mesh.},
  number  = {3},
  url     = {http://www.math.sk/mikula/DCDS_2021_polymesh.pdf},
  volume  = {14},
  journal = {Discrete \& Continuous Dynamical Systems-Series S},
  year    = {2021},
}

@InProceedings{2020_Ibolya_CONF,
  author    = {Ibolya, Gerg\H{o} and Mikula, Karol},
  booktitle = {Proceedings of ALGORITMY},
  date      = {2020},
  title     = {Numerical solution of the 1d viscous Burgers and traffic flow equations by the inflow-implicit/outflow-explicit finite volume method},
  pages     = {191--200},
  url       = {https://www.math.sk/mikula/ibolya_alg2020.pdf},
}

@Article{1974_Khosla,
  author    = {Khosla, PK and Rubin, SG},
  title     = {A diagonally dominant second-order accurate implicit scheme},
  number    = {2},
  pages     = {207--209},
  volume    = {2},
  journal   = {Computers \& Fluids},
  publisher = {Elsevier},
  year      = {1974},
}

@Book{1992_LeVeque_BOOK,
  author    = {LeVeque, Randall J},
  title     = {Numerical methods for conservation laws},
  publisher = {Springer},
  url       = {http://tevza.org/home/course/modelling-II_2016/books/Leveque - Numerical Methods for Conservation Laws.pdf},
  volume    = {214},
  year      = {1992},
}

@Book{2002_LeVeque_BOOK,
  author    = {LeVeque, Randall J},
  title     = {Finite volume methods for hyperbolic problems},
  publisher = {Cambridge university press},
  url       = {http://www.tevza.org/home/course/modelling-II_2016/books/Leveque - Finite Volume Methods for Hyperbolic Equations.pdf},
  volume    = {31},
  year      = {2002},
}

@Book{2018_Patankar_BOOK,
  author    = {Patankar, Suhas},
  title     = {Numerical heat transfer and fluid flow},
  publisher = {Taylor \& Francis},
  year      = {2018},
}

@Article{1984_Sweby,
  author    = {Sweby, Peter K},
  title     = {High resolution schemes using flux limiters for hyperbolic conservation laws},
  number    = {5},
  pages     = {995--1011},
  volume    = {21},
  journal   = {SIAM journal on numerical analysis},
  publisher = {SIAM},
  year      = {1984},
}

@Article{2004_Kuzmin,
  author    = {Kuzmin, Dmitri and Turek, Stefan},
  title     = {High-resolution FEM-TVD schemes based on a fully multidimensional flux limiter},
  number    = {1},
  pages     = {131--158},
  volume    = {198},
  journal   = {Journal of Computational Physics},
  publisher = {Elsevier},
  year      = {2004},
}

@Article{1977_VanLeer,
  author    = {Van Leer, Bram},
  title     = {Towards the ultimate conservative difference scheme. IV. A new approach to numerical convection},
  number    = {3},
  pages     = {276--299},
  url       = {https://www.researchgate.net/profile/Bram-Van-Leer/publication/266987705_Towards_the_Ultimate_Conservative_Difference_Scheme_IV_A_New_Approach_to_Numerical_Convection/links/59ea1757aca272cddddb73e8/Towards-the-Ultimate-Conservative-Difference-Scheme-IV-A-New-Approach-to-Numerical-Convection.pdf},
  volume    = {23},
  journal   = {Journal of computational physics},
  publisher = {Elsevier},
  year      = {1977},
}

@Article{2003_Darwish,
  author    = {Darwish, MS and Moukalled, F},
  title     = {TVD schemes for unstructured grids},
  number    = {4},
  pages     = {599--611},
  url       = {http://servidor.demec.ufpr.br/disciplinas/TM702/Darwish_Moukalled_2003.pdf},
  volume    = {46},
  journal   = {International Journal of heat and mass transfer},
  publisher = {Elsevier},
  year      = {2003},
}

@Article{1994_Darwish,
  author    = {Darwish, MS and Moukalled, FH},
  title     = {Normalized variable and space formulation methodology for high-resolution schemes},
  number    = {1},
  pages     = {79--96},
  url       = {https://www.academia.edu/download/69785366/Normalized_variable_and_space_formulatio20210916-10155-6ex5pm.pdf},
  volume    = {26},
  journal   = {Numerical Heat Transfer},
  publisher = {Taylor \& Francis},
  year      = {1994},
}

@Article{2006_Darwish,
  author    = {Darwish, M and Moukalled, F},
  title     = {Convective schemes for capturing interfaces of free-surface flows on unstructured grids},
  number    = {1},
  pages     = {19--42},
  volume    = {49},
  journal   = {Numerical heat transfer, part B: Fundamentals},
  publisher = {Taylor \& Francis},
  year      = {2006},
}

@Article{1959_Godunov,
  author  = {Godunov, Sergei Konstantinovich},
  title   = {A difference scheme for numerical solution of discontinuous solution of hydrodynamic equations},
  pages   = {271--306},
  volume  = {47},
  journal = {Math. Sbornik},
  year    = {1959},
}

@Article{1983_Harten,
  author    = {Harten, Amiram and Lax, Peter D and Leer, Bram van},
  title     = {On upstream differencing and Godunov-type schemes for hyperbolic conservation laws},
  number    = {1},
  pages     = {35--61},
  volume    = {25},
  journal   = {SIAM review},
  publisher = {SIAM},
  year      = {1983},
}

@Article{2021_Barsukow,
  author    = {Barsukow, Wasilij},
  title     = {The active flux scheme for nonlinear problems},
  number    = {1},
  pages     = {3},
  volume    = {86},
  file      = {:/home/gibolya/Downloads/eymann_active-flux-thesis.pdf:PDF;:/home/gibolya/Downloads/barsukow-active-flux-nonlinear.pdf:PDF},
  journal   = {Journal of Scientific Computing},
  publisher = {Springer},
  year      = {2021},
}

@Article{2022_Barsukow,
  author    = {Barsukow, Wasilij and Klingenberg, Christian},
  title     = {Exact solution and the multidimensional Godunov scheme for the acoustic equations},
  number    = {1},
  pages     = {317--347},
  volume    = {56},
  journal   = {ESAIM: Mathematical Modelling and Numerical Analysis},
  publisher = {EDP Sciences},
  year      = {2022},
}

@InProceedings{2011_Eymann_CONFa,
  author    = {Eymann, Timothy and Roe, Philip},
  booktitle = {49th AIAA Aerospace Sciences Meeting including the New Horizons Forum and Aerospace Exposition},
  title     = {Active flux schemes},
  pages     = {382},
  file      = {:/home/gibolya/Downloads/eymann_active-flux-thesis.pdf:PDF},
  year      = {2011},
}

@InProceedings{2011_Eymann_CONF,
  author    = {Eymann, Timothy and Roe, Philip},
  booktitle = {20th AIAA computational fluid dynamics conference},
  date      = {2011},
  title     = {Active flux schemes for systems},
  pages     = {3840},
}

@Article{2018_Hittmeir,
  author       = {Hittmeir, Sabine and Philipp, Anne and Seibert, Petra},
  date         = {2018},
  journaltitle = {Geoscientific Model Development},
  title        = {A conservative reconstruction scheme for the interpolation of extensive quantities in the Lagrangian particle dispersion model FLEXPART},
  number       = {6},
  pages        = {2503--2523},
  url          = {https://gmd.copernicus.org/articles/11/2503/2018/gmd-11-2503-2018.pdf},
  volume       = {11},
  publisher    = {Copernicus Publications G{\"o}ttingen, Germany},
}

@Article{1979_Zalesak,
  author       = {Zalesak, Steven T},
  date         = {1979},
  journaltitle = {Journal of computational physics},
  title        = {Fully multidimensional flux-corrected transport algorithms for fluids},
  number       = {3},
  pages        = {335--362},
  volume       = {31},
  publisher    = {Elsevier},
}

@Article{2023_Frolkovic,
  author       = {Frolkovi{\v{c}}, Peter and {\v{Z}}erav{\`y}, Michal},
  date         = {2023},
  journaltitle = {Applied Mathematics and Computation},
  title        = {High resolution compact implicit numerical scheme for conservation laws},
  pages        = {127720},
  url          = {https://www.researchgate.net/profile/Peter-Frolkovic/publication/365886997_High_resolution_compact_implicit_numerical_scheme_for_conservation_laws/links/63888ddf2c563722f2297b03/High-resolution-compact-implicit-numerical-scheme-for-conservation-laws.pdf},
  volume       = {442},
  publisher    = {Elsevier},
}

@Article{2023_Barsukow,
  author       = {Barsukow, Wasilij and Borsche, Raul},
  date         = {2023},
  journaltitle = {arXiv preprint arXiv:2303.13318},
  title        = {Implicit Active Flux methods for linear advection},
  url          = {https://arxiv.org/pdf/2303.13318v2.pdf},
}

@InProceedings{1989_Huynh_CONF,
  author    = {Huynh, Hung T},
  booktitle = {International Conference on Numerical Methods in Laminar and Turbulent Flow},
  title     = {Second-order accurate nonoscillatory schemes for scalar conservation laws},
  number    = {E-4721},
  url       = {https://ntrs.nasa.gov/api/citations/19890013202/downloads/19890013202.pdf},
  year      = {1989},
}

@Article{2022_Eimer,
  author       = {Eimer, Matthias and Borsche, Raul and Siedow, Norbert},
  date         = {2022},
  journaltitle = {Advances in Computational Mathematics},
  title        = {Implicit finite volume method with a posteriori limiting for transport networks},
  number       = {3},
  pages        = {21},
  url          = {https://link.springer.com/content/pdf/10.1007/s10444-022-09939-1.pdf},
  volume       = {48},
  publisher    = {Springer},
}

@Article{2018_Frolkovic,
  author       = {Frolkovi{\v{c}}, Peter and Mikula, Karol},
  date         = {2018},
  journaltitle = {Applied Mathematics and Computation},
  title        = {Semi-implicit second order schemes for numerical solution of level set advection equation on Cartesian grids},
  pages        = {129--142},
  url          = {https://arxiv.org/pdf/1803.05332},
  volume       = {329},
  publisher    = {Elsevier},
}

@Article{2007_Duraisamy,
  author       = {Duraisamy, Karthikeyan and Baeder, James D},
  date         = {2007},
  journaltitle = {SIAM Journal on Scientific Computing},
  title        = {Implicit scheme for hyperbolic conservation laws using nonoscillatory reconstruction in space and time},
  number       = {6},
  pages        = {2607--2620},
  url          = {https://www.academia.edu/download/43476488/Space_time.pdf},
  volume       = {29},
  publisher    = {SIAM},
}

@Article{1993_Huynh,
  author       = {Huynh, Hung T},
  date         = {1993},
  journaltitle = {SIAM Journal on Numerical Analysis},
  title        = {Accurate monotone cubic interpolation},
  number       = {1},
  pages        = {57--100},
  url          = {https://ntrs.nasa.gov/api/citations/19910011517/downloads/19910011517.pdf},
  volume       = {30},
  publisher    = {SIAM},
}

@Article{1997_Thuburn,
  author       = {Thuburn, John},
  date         = {1997},
  journaltitle = {Monthly weather review},
  title        = {TVD schemes, positive schemes, and the universal limiter},
  number       = {8},
  pages        = {1990--1993},
  url          = {https://journals.ametsoc.org/view/journals/mwre/125/8/1520-0493_1997_125_1990_tspsat_2.0.co_2.xml?tab_body=abstract-display},
  volume       = {125},
  publisher    = {American Meteorological Society},
}

@Article{1982_Roe,
  author       = {Roe, PL and Baines, MJ},
  date         = {1982},
  journaltitle = {Numerical Methods in Fluid Mechanics},
  title        = {Algorithms for advection and shock problems},
  pages        = {281--290},
}

@InProceedings{1985_LeVeque_CONF,
  author    = {LeVeque, Randall J and Goodman, Jonathan B},
  booktitle = {Large-scale computations in fluid mechanics; Proceedings of the Fifteenth Summer Seminar on Applied Mathematics, University of California, La Jolla, CA, June 27-July 8, 1983. Parts 1 and 2},
  date      = {1985},
  title     = {TVD schemes in one and two space dimensions},
}

@Comment{jabref-meta: databaseType:biblatex;}
